<?xml version="1.0" encoding="UTF-8"?><record xmlns="http://www.loc.gov/MARC21/slim" xmlns:cinclude="http://apache.org/cocoon/include/1.0" xmlns:zs="http://www.loc.gov/zing/srw/">
  <leader>00479nz  a2200133n  4500</leader>
  <controlfield tag="001">nr 90025755 </controlfield>
  <controlfield tag="003">DLC</controlfield>
  <controlfield tag="005">19901128055848.3</controlfield>
  <controlfield tag="008">901126n| acannaab|          |n aaa     c</controlfield>
  <datafield tag="010" ind1=" " ind2=" ">
    <subfield code="a">nr 90025755 </subfield>
  </datafield>
  <datafield tag="040" ind1=" " ind2=" ">
    <subfield code="a">NjP</subfield>
    <subfield code="c">NjP</subfield>
  </datafield>
  <datafield tag="100" ind1="1" ind2="0">
    <subfield code="a">Abrial, André-Joseph,</subfield>
    <subfield code="d">1750-1828</subfield>
  </datafield>
  <datafield tag="670" ind1=" " ind2=" ">
    <subfield code="a">Il Progetto del Codice di procedura civile del Regno d'Italia (1806), c1988:</subfield>
    <subfield code="b">p. xxvii (André-Joseph Abrial)</subfield>
  </datafield>
  <datafield tag="670" ind1=" " ind2=" ">
    <subfield code="a">Dict. de biog. fr.</subfield>
    <subfield code="b">(Abrial, André-Joseph; 1750-1828; senator, peer and jurist)</subfield>
  </datafield>
</record>